Created by Kbib version 0.6.5
\#Last modified: Tue Mar 16 15:07:29 2010

@book{fossen:2011,
  title={Handbook of marine craft hydrodynamics and motion control},
  author={Fossen, Thor I},
  year={2011},
  publisher={John Wiley \& Sons}
}